<record><leader>00000cas a2200000 a 4500</leader><controlfield tag="001">1769381</controlfield><controlfield tag="008">751101c19319999mnuwr ne      0   a0eng c</controlfield><datafield ind1=" " ind2=" " tag="010"><subfield code="a">sn 85058285 </subfield></datafield><datafield ind1=" " ind2=" " tag="040"><subfield code="a">MUL</subfield><subfield code="b">eng</subfield><subfield code="c">MUL</subfield><subfield code="d">NYS</subfield><subfield code="d">OCL</subfield><subfield code="d">UNP</subfield><subfield code="d">DLC</subfield><subfield code="d">NJW</subfield><subfield code="d">OCL</subfield><subfield code="d">MN#</subfield><subfield code="d">MQN</subfield><subfield code="d">MN#</subfield><subfield code="d">NST</subfield><subfield code="d">NSD</subfield><subfield code="d">IUL</subfield><subfield code="d">CRL</subfield><subfield code="d">NYS</subfield><subfield code="d">OCLCQ</subfield><subfield code="d">OCLCF</subfield><subfield code="d">OCLCO</subfield></datafield><datafield ind1=" " ind2=" " tag="012"><subfield code="i">9201</subfield><subfield code="l">1</subfield></datafield><datafield ind1=" " ind2=" " tag="019"><subfield code="a">5321403</subfield></datafield><datafield ind1="1" ind2=" " tag="022"><subfield code="a">1068-168X</subfield><subfield code="l">1068-168X</subfield><subfield code="2">1</subfield></datafield><datafield ind1="1" ind2=" " tag="029"><subfield code="a">AU@</subfield><subfield code="b">000004532552</subfield></datafield><datafield ind1=" " ind2=" " tag="037"><subfield code="b">Wanderer Print. Co., 201 Ohio St., St. Paul, MN 55107-2096</subfield></datafield><datafield ind1=" " ind2=" " tag="042"><subfield code="a">pcc</subfield><subfield code="a">nsdp</subfield></datafield><datafield ind1=" " ind2=" " tag="043"><subfield code="a">n-us-mn</subfield><subfield code="a">n-us---</subfield></datafield><datafield ind1=" " ind2=" " tag="052"><subfield code="a">4144</subfield><subfield code="b">S4</subfield></datafield><datafield ind1="0" ind2=" " tag="130"><subfield code="a">Wanderer (Saint Paul, Minn. : 1931)</subfield></datafield><datafield ind1=" " ind2="4" tag="222"><subfield code="a">The Wanderer</subfield><subfield code="b">(Saint Paul, Minn. 1931)</subfield></datafield><datafield ind1="0" ind2="4" tag="245"><subfield code="a">The wanderer.</subfield></datafield><datafield ind1=" " ind2=" " tag="260"><subfield code="a">St. Paul, Minn. :</subfield><subfield code="b">Wanderer Print. Co.,</subfield><subfield code="c">[1931-</subfield></datafield><datafield ind1=" " ind2=" " tag="300"><subfield code="a">v. :</subfield><subfield code="b">ill. (some col.)</subfield><subfield code="c">56-59 cm.</subfield></datafield><datafield ind1=" " ind2=" " tag="310"><subfield code="a">Weekly</subfield></datafield><datafield ind1="0" ind2=" " tag="362"><subfield code="a">Vol. 1, no. 1 (Jan. 8, 1931)-v. 37, no. 42 (Oct. 19, 1967) ; v. 100, no. 43 (Oct. 26, 1967)-</subfield></datafield><datafield ind1=" " ind2=" " tag="500"><subfield code="a">"A progressive Catholic newspaper with a program."</subfield></datafield><datafield ind1=" " ind2=" " tag="530"><subfield code="a">Issued also on microfilm by Minnesota Historical Society and Center for Research Libraries.</subfield></datafield><datafield ind1=" " ind2=" " tag="530"><subfield code="a">Selected article from print ed. available via the Internet.</subfield></datafield><datafield ind1=" " ind2=" " tag="580"><subfield code="a">English edition of: Der Wanderer, published 1867-1957.</subfield></datafield><datafield ind1="2" ind2="0" tag="610"><subfield code="a">Catholic Church</subfield><subfield code="z">United States</subfield><subfield code="v">Newspapers.</subfield></datafield><datafield ind1=" " ind2="0" tag="651"><subfield code="a">Saint Paul (Minn.)</subfield><subfield code="v">Newspapers.</subfield></datafield><datafield ind1=" " ind2="0" tag="651"><subfield code="a">Ramsey County (Minn.)</subfield><subfield code="v">Newspapers.</subfield></datafield><datafield ind1=" " ind2="7" tag="655"><subfield code="a">Newspapers.</subfield><subfield code="2">fast</subfield><subfield code="0">(OCoLC)fst01423814</subfield></datafield><datafield ind1="2" ind2="7" tag="610"><subfield code="a">Catholic Church.</subfield><subfield code="2">fast</subfield><subfield code="0">(OCoLC)fst00531720</subfield></datafield><datafield ind1=" " ind2="7" tag="651"><subfield code="a">Minnesota</subfield><subfield code="z">Ramsey County.</subfield><subfield code="2">fast</subfield><subfield code="0">(OCoLC)fst01213443</subfield></datafield><datafield ind1=" " ind2="7" tag="651"><subfield code="a">Minnesota</subfield><subfield code="z">Saint Paul.</subfield><subfield code="2">fast</subfield><subfield code="0">(OCoLC)fst01212130</subfield></datafield><datafield ind1=" " ind2="7" tag="651"><subfield code="a">United States.</subfield><subfield code="2">fast</subfield><subfield code="0">(OCoLC)fst01204155</subfield></datafield><datafield ind1=" " ind2=" " tag="752"><subfield code="a">United States</subfield><subfield code="b">Minnesota</subfield><subfield code="c">Ramsey</subfield><subfield code="d">Saint Paul.</subfield></datafield><datafield ind1="1" ind2=" " tag="775"><subfield code="t">Wanderer (Saint Paul, Minn. : 1867)</subfield><subfield code="w">(DLC)sn 83045255</subfield><subfield code="w">(OCoLC)1586883</subfield></datafield><datafield ind1=" " ind2=" " tag="850"><subfield code="a">CtY-D</subfield><subfield code="a">InU</subfield></datafield><datafield ind1="4" ind2="1" tag="856"><subfield code="u">http://www.thewandererpress.com</subfield></datafield></record>